% ----------------------- livros

@book{kapio_book,
	author        = "J. Kapio and E. Somersalo",
	title         = "Statistical and Computational Inverse Problems",
	edition       = "First",
	publisher     = "Springer-Verlag",
	address       = "New York",
	year          = "2005"
}

% -------------------  artigos




@article{claudir_emmc,
	author        = "C. Oliveira and J. L. Junior and A. J. da Silva Neto",
	title         = "Estimativa de parâmetros em um sistema de leito móvel simulado via algoritmo de colisão de partícula populacional",
	journal       = "ENMC - Encontro Nacional de Modelagem Computacional",
	year          = "2017",
	pages         = "11"


}

@article{cremasco,
	author        = "M. A. CREMASCO and B. J. HRITZKO and N. H. L. WANG",
	title         = "Experimental Purification
	of Paclitaxel from a complex mixture of Taxanes using a Simulated Moving Bed",
	journal       = "Brazilian Journal of Chemical Engineering",
	year          = "2009",
	pages         = "207-218",
	number		= "1",
	volume = "26"
	
	
	
}

% ------- Tese


@phdthesis{bihain,
	author = {A. L. J. Bihain},
	pages = {142},
	type = {Doutorado em Modelagem Computacional},
	school = {Instituto Politécnico, Universidade do Estado do Rio de Janeiro},
	title = {Desenvolvimento e avaliação de novas abordagens de modelagem de processos de separação em leito móvel simulado},
	year = {2014},
	adress = {Nova Friburgo}
}

@phdthesis{claudir_tese,
	author = {C. Oliveira},
	pages = {128},
	school = {Instituto Politécnico, Universidade do Estado do Rio de Janeiro},
	title = {Solução de problemas diretos e inversos para separação cromatográfica em equipamentos de Leito Móvel Simulado},
	year = {2016},
	type = {Doutorado em Modelagem Computacional},
	adress = {Nova Friburgo}
}

@masterthesis{silva_mest,
author = {E. A. B. da Silva},
pages = {140},
title = {Modelagem e Simulação Numérica de uma Unidade de Leito Móvel Simulado}
school = {Universidade Federal de Santa Catarina},
year = {2000},
type = {Mestrado em Engenharia Química}
}
# Reports
#------------------------------------------------------------------------------



